@article{hypo-stat,
	author = {Ranganathan and Priya and Pramesh, C. S.},
	title = {{An Introduction to Statistics: Understanding Hypothesis Testing and Statistical Errors}},
	journal = {Indian J. Crit. Care Med.},
	volume = {23},
	number = {Suppl 3},
	pages = {S230},
	year = {2019},
	month = {Sep},
	publisher = {Indian Society of Critical Care Medicine},
	doi = {10.5005/jp-journals-10071-23259}
}

@article{Bonferroni,
	author = {Armstrong, Richard A.},
	title = {{When to use the Bonferroni correction}},
	journal = {Ophthalmic Physiol. Opt.},
	volume = {34},
	number = {5},
	pages = {502--508},
	year = {2014},
	month = {Sep},
	issn = {1475-1313},
	publisher = {2014 The Authors Ophthalmic {\&} Physiological Optics  2014 The College of Optometrists.},
	eprint = {24697967},
	doi = {10.1111/opo.12131}
}

@inproceedings{weinert2004time,
title={Time Varying Dynamics in BTA Deep Hole Drilling},
author={Weinert, K. and Webber, O. and Gepperth, A. and Zhang, Y. and Theis, W.},
booktitle={Proceedings of the 4th CIRP International Seminar on Intelligent Computation in Manufacturing Engineering},
editor={Teti, R.},
year={2004},
pages={419-424}
}

@thesis{webber2006investigations,
title={Investigations on drilling depth-dependent process dynamics in BTA deep drilling},
author={Webber, Oliver},
year={2006},
type={University thesis},
publisher={Vulkan-Verl.},
address={Food},
language={German},
school={University of Dortmund},
note={Zugl.: Dortmund, Univ., Diss., 2006},
series={Publication series of the ISF ; 39},
isbn={978-3-8027-8739-3},
price={EUR 31.50},
pages={XII, 114 p. : Ill., graph. Darst. ; 21 cm},
keywords={BTA deep drilling; drilling tool; rattling vibration; bending-rotating vibration; self-excited vibration; process model},
ddc={671.35 [DDC22ger]},
subject={Industrial and artisanal production},
url={https://d-nb.info/983001065}
}

@article{haddag2013study,
title={A Study of the BTA Deep Drilling Process through a Quantitative and Qualitative Analysis of the Chip Formation Process},
author={Haddag, Badis and Thil, Julien and Nouari, Mohammed and Barlier, Claude},
journal={Key engineering materials},
volume={554-557},
pages={1992--2008},
year={2013},
doi={10.4028/www.scientific.net/KEM.554-557.1992}
}


@misc{styrian,
  author = {{Wikipedia}},
	title = {Steirische Landesausstellung},
	url = "\url{https://de.wikipedia.org/wiki/Steirische/Landesausstellung.html}",
	year = {2004},
  note = {[Online; accessed 25. Jan. 2022]},
}

@BOOK{applied-stat,
  title = {Applied Statistics, Theory and Problem Solutions with R},
  author = {Dieter Rasch and Rob Verdooren and Jürgen Pilz},
  year = {2019},
  publisher = {John Wiley},
  pages = {72-89},
  edition = {first},
}

@misc{statmodels,
  author = {{Statmodels API}},
	title = {{Statsmodels}: Econometric and statistical modeling with {P}ython},
	url = "\url{https://www.statsmodels.org/stable/index.html}",
	year = {2021},
  note = {[Online; accessed 25. Jan. 2022]},
}

@misc{itertools,
  author = {{Itertools, Functions for efficient looping}},
	title = {itertools — {Functions} creating iterators for efficient looping — {Python} 3.10.2 documentation},
	url = "\url{https://docs.python.org/3/library/itertools.html}",
	year = {2020},
  note = {[Online; accessed 25. Jan. 2022]},
}

@misc{pandas,
author = {{Pandas Development Team}},
title = {pandas: powerful Python data analysis toolkit},
url = {\url{https://pandas.pydata.org/}},
year = {2021},
note = {[Online; accessed 5 Jun. 2023]},
}

@misc{numpy,
author = {{Oliphant, Travis E.} and {The NumPy Community}},
title = {{NumPy}: A guide to {N}umerical {P}ython},
url = {\url{https://numpy.org/}},
year = {2022},
note = {[Online; accessed 5 Jun. 2023]},
}

@misc{scikit-learn,
author = {{Pedregosa, F.} and {Varoquaux, G.} and {Gramfort, A.} and {Michel, V.} and {Thirion, B.} and {Grisel, O.} and {Blondel, M.} and {Prettenhofer, P.} and {Weiss, R.} and {Dubourg, V.} and {Vanderplas, J.} and {Passos, A.} and {Cournapeau, D.} and {Brucher, M.} and {Perrot, M.} and {Duchesnay, É.}},
title = {{Scikit-learn}: Machine Learning in {P}ython},
url = {\url{https://scikit-learn.org/stable/}},
year = {2021},
note = {[Online; accessed 5 Jun. 2023]},
}

@BOOK{stat-learning,
  title = {An Introduction to Statistical Learning with Applications in R},
  author = {Gareth James and Daniela Witten and Trevor Hastie and Robert Tibshirani},
  year = {2013},
  publisher = {Springer},
  pages = {72-89},
  edition = {second},
}

@BOOK{hay2019r,
  title={R Companion to Elementary Applied Statistics},
  author={Hay-Jahans, Christopher},
  year={2019},
  publisher={Chapman and Hall/CRC},
  edition={1st}
}

@BOOK{regression,
  title = {Regression Models, Methods and Applications},
  author = {Ludwig Fahrmeir and Thomas Kneib and Stefan Lang and Brian Marx},
  year = {2013},
  publisher = {Berlin ; New York : Springer},
  pages = {72-89},
  edition = {first},
}

@article{flint2019effect,
  title={Effect of Systolic and Diastolic Blood Pressure on Cardiovascular Outcomes},
  author={Flint, Alexander C and Conell, Craig and Ren, Xiaoxi and Banki, Nicole M and Chan, Samuel L and Rao, Vivek A and Melles, Ronald B and Bhatt, Deepak L},
  journal={The New England journal of medicine},
  volume={381},
  number={3},
  pages={243--251},
  year={2019},
  doi={10.1056/NEJMoa1803180},
  publisher={Massachusetts Medical Society},
  PMID={31314968},
}

@article{juhanoja2016impact,
  title={The impact of the day of the week on home blood pressure: the Finn-Home study},
  author={Juhanoja, EP and Puukka, PJ and Johansson, JK and Niiranen, TJ and Jula, AM},
  journal={Blood Pressure Monitoring},
  volume={21},
  number={2},
  pages={63--68},
  year={2016},
  doi={10.1097/MBP.0000000000000156},
  PMID={26474000},
}

@article{sakurai2011relationship,
  title={Relationship of dietary cholesterol to blood pressure: the INTERMAP study},
  author={Sakurai, Masaru and Stamler, Jeremiah and Miura, Katsuyuki and Brown, Ian J and Nakagawa, Hiroyuki and Elliott, Paul and Ueshima, Hirotsugu and Chan, Queenie and Tzoulaki, Ioanna and Dyer, Alan R and Okayama, Akira and Zhao, Liancheng},
  journal={Journal of Hypertension},
  volume={29},
  number={2},
  pages={222--228},
  year={2011},
  doi={10.1097/HJH.0b013e32834069a5},
  PMID={21045731},
  PMCID={PMC3075799},
}

@misc{seaborn,
author = {{Waskom, Michael} and {Seaborn Development Team}},
title = {{Seaborn}: Statistical data visualization},
url = {\url{https://seaborn.pydata.org/}},
year = {2021},
note = {[Online; accessed 5 Jun. 2023]},
}

@BOOK{math-stat,
  title = {Mathematical Statistics and Data Analysis},
  author = {John A. Rice},
  year = {2006},
  publisher = {Cengage Learning; 3rd edition},
  pages = {72-89},
  edition = {third},
}

@Manual{R,
    title = {R: A Language and Environment for Statistical Computing},
    author = {{R Development Core Team}},
    organization = {R Foundation for Statistical Computing},
    address = {Vienna, Austria},
    year = {2020},
  }